@inproceedings{ionescu2014retrieving,
  title={Retrieving Diverse Social Images at MediaEval 2014: Challenge, Dataset and Evaluation},
  author={Ionescu, B. and Popescu, A. and Lupu, A. and Ginsca, A.L. and M{\"u}ller, H.},
  booktitle={Proceedings of the MediaEval 2014 Multimedia Benchmark Workshop},
  city = {Barcelona},
  country = {Spain},
  year={2014},
}

@inproceedings{ionescu2014div400,
  title={Div400: a social image retrieval result diversification dataset},
  author={Ionescu, B. and Radu, A.-L. and Men{\'e}ndez, M. and M{\"u}ller, H. and Popescu, A. and Loni, B.},
  booktitle={Proceedings of the 5th ACM Multimedia Systems Conference},
  pages={29--34},
  year={2014},
  organization={ACM}
}

@inproceedings{szHucs2013bmemtm,
  title={BMEMTM at MediaEval 2013 Retrieving Diverse Social Images Task: Analysis of Text and Visual Information},
  author={Sz{\H{u}}cs, G. and Par{\'o}czi, Zs. and Vincz, D.M.},
  booktitle={Working Notes Proceedings of the MediaEval 2013 Workshop, Barcelona, Spain, October 18-19, CEUR-WS. org, ISSN 1613-0073},
  year={2013}
}

@inproceedings{radu2014hybrid,
  title={A Hybrid Machine-Crowd Approach to Photo Retrieval Result Diversification},
  author={Radu, A.-L. and Ionescu, B. and Men{\'e}ndez, M. and St{\"o}ttinger, J. and Giunchiglia, F. and De Angeli, A.},
  booktitle={Proceedings of International Conference on MultiMedia Modeling, LNCS 8325},
  pages={25--36},
  year={2014},
  organization={Springer}
}

@inproceedings{Taneva:2010:GRP:1718487.1718541,
 author = {Taneva, B. and Kacimi, M. and Weikum, G.},
 title = {Gathering and Ranking Photos of Named Entities with High Precision, High Recall, and Diversity},
 booktitle = {Proceedings of the Third ACM International Conference on Web Search and Data Mining},
 series = {WSDM '10},
 year = {2010},
 isbn = {978-1-60558-889-6},
 location = {New York, New York, USA},
 pages = {431--440},
 numpages = {10},
 url = {http://doi.acm.org/10.1145/1718487.1718541},
 doi = {10.1145/1718487.1718541},
 acmid = {1718541},
 publisher = {ACM},
 address = {New York, NY, USA},
 keywords = {image gathering, knowledge base, query expansion, ranking},
}

@article{rousseeuw1987silhouettes,
  title={Silhouettes: a graphical aid to the interpretation and validation of cluster analysis},
  author={Rousseeuw, Peter J},
  journal={Journal of computational and applied mathematics},
  volume={20},
  pages={53--65},
  year={1987},
  publisher={Elsevier}
}